
@article{brubakerEthnicNationalistViolence1998,
	title = {Ethnic and nationalist violence},
	volume = {24},
	number = {1},
	journal = {Annual Review of sociology},
	author = {Brubaker, Rogers and Laitin, David D.},
	year = {1998},
	note = {Publisher: Annual Reviews 4139 El Camino Way, PO Box 10139, Palo Alto, CA 94303-0139, USA},
	pages = {423--452},
	file = {Full Text:C\:\\Users\\user\\Zotero\\storage\\5KPR9RDA\\annurev.soc.24.1.html:text/html;Snapshot:C\:\\Users\\user\\Zotero\\storage\\5SP887JR\\annurev.soc.24.1.html:text/html}
}

@article{robinsonNationalEthnicIdentification2014,
	title = {National versus ethnic identification in {Africa}: {Modernization}, colonial legacy, and the origins of territorial nationalism},
	volume = {66},
	shorttitle = {National versus ethnic identification in {Africa}},
	journal = {World Pol.},
	author = {Robinson, Amanda Lea},
	year = {2014},
	note = {Publisher: HeinOnline},
	pages = {709},
	file = {Full Text:C\:\\Users\\user\\Zotero\\storage\\GY2IPVQU\\Robinson - 2014 - National versus ethnic identification in Africa M.pdf:application/pdf;Snapshot:C\:\\Users\\user\\Zotero\\storage\\FRWZWPAF\\LandingPage.html:text/html}
}

@article{shelefUnequalGroundHomelands2016,
	title = {Unequal ground: {Homelands} and conflict},
	shorttitle = {Unequal ground},
	journal = {International Organization},
	author = {Shelef, Nadav G.},
	year = {2016},
	note = {Publisher: JSTOR},
	pages = {33--63},
	file = {Full Text:C\:\\Users\\user\\Zotero\\storage\\6A8MSY5S\\Shelef - 2016 - Unequal ground Homelands and conflict.pdf:application/pdf;Snapshot:C\:\\Users\\user\\Zotero\\storage\\8GICJ4R8\\24758285.html:text/html}
}

@article{liuLocalPublicGoods2019,
	title = {Local {Public} {Goods} {Expenditure} and {Ethnic} {Conflict}: {Evidence} from {China}},
	volume = {28},
	shorttitle = {Local {Public} {Goods} {Expenditure} and {Ethnic} {Conflict}},
	number = {4},
	journal = {Security Studies},
	author = {Liu, Chuyu},
	year = {2019},
	note = {Publisher: Taylor \& Francis},
	pages = {739--772},
	file = {Full Text:C\:\\Users\\user\\Zotero\\storage\\GVWNVQH7\\09636412.2019.html:text/html}
}

@article{hierroDivideIndependenceExplaining2020,
	title = {The divide over independence: {Explaining} preferences for secession in an advanced open economy},
	shorttitle = {The divide over independence},
	journal = {American Journal of Political Science},
	author = {Hierro, Maria Jose and Queralt, Didac},
	year = {2020},
	note = {Publisher: Wiley Online Library}
}

@article{hagerEthnicRiotsProsocial2019,
	title = {Ethnic {Riots} and {Prosocial} {Behavior}: {Evidence} from {Kyrgyzstan}},
	volume = {113},
	shorttitle = {Ethnic {Riots} and {Prosocial} {Behavior}},
	number = {4},
	journal = {American Political Science Review},
	author = {Hager, Anselm and Krakowski, Krzysztof and Schaub, Max},
	year = {2019},
	note = {Publisher: Cambridge University Press},
	pages = {1029--1044},
	file = {Full Text:C\:\\Users\\user\\Zotero\\storage\\U8EZ6UCX\\Hager и др. - 2019 - Ethnic Riots and Prosocial Behavior Evidence from.pdf:application/pdf}
}
@Manual{R-base,
  title = {R: A Language and Environment for Statistical Computing},
  author = {{R Core Team}},
  organization = {R Foundation for Statistical Computing},
  address = {Vienna, Austria},
  year = {2020},
  url = {https://www.R-project.org/},
}
@Manual{R-papaja,
  author = {Frederik Aust and Marius Barth},
  title = {{papaja}: {Create} {APA} manuscripts with {R Markdown}},
  year = {2020},
  note = {R package version 0.1.0.9997},
  url = {https://github.com/crsh/papaja},
}
